@misc{web:lang:stats,
  author = {Texas Instruments},
  title = {Datasheet},
  year = {2023},
  url = {https://www.ti.com/lit/ds/symlink/tl071.pdf?ts=1719130180868&ref_url=https%253A%252F%252Fwww.ti.com%252Fproduct%252FTL071%253Fbm-verify%253DAAQAAAAJ_____z0CnA7ylK5-VA53_msKjA1OblKMIZLdJwOnpp4A3ILQEiOf1V5Am7FjgFTF5819OjpQTM5989l7NkgEChfYmEhZhALGw_gj56XJ_XlCahbjHjZ4FTLEwA0HxVYshw7-g5xpp-vTgxTWBJttma53apDvWg0nAF6pS0FefkwNw4aa77CWue5OpkEeNvu2BORD4-g2QD61U7LO9ExRXSxXT53fCzWzkfBkJsWB2j6MTHFtAiIjajjkrZ-0nukOpK3UEXavI7ZrqflQ7PEABNaQ1OI8I9zP5LRhoIf1ghUUb_A}
}

@misc{web:lang:stats,
  author = {W3Techs},
  title = {Usage Statistics of Content Languages
           for Websites},
  year = {2017},
  note = {Last accessed 16 September 2017},
  url = {http://w3techs.com/technologies/overview/content_language/all}
}